<?xml version="1.0" encoding="UTF-8"?><collection xmlns="http://www.loc.gov/MARC21/slim"><record><leader>00351nam--2200121-i-4500</leader><controlfield tag="001">000007451</controlfield><controlfield tag="002">20161230</controlfield><controlfield tag="005">20161230201027</controlfield><controlfield tag="008">060222s1000------------r-----000-0-eng-d</controlfield><datafield ind1=" " ind2=" " tag="100"><subfield code="a">Brown, M.G</subfield></datafield><datafield ind1=" " ind2=" " tag="245"><subfield code="a">Carbon chemistry. some aspects of covalent che mistry</subfield></datafield><datafield ind1=" " ind2=" " tag="260"><subfield code="a">London, The English Universities Press Ltd., 1965</subfield></datafield><datafield ind1=" " ind2=" " tag="490"><subfield code="a">Chemical Science Texts</subfield></datafield></record></collection>